% This file was created with JabRef 2.10.
% Encoding: Cp1252

@article{li2015declining,
  title={Declining trends and widening disparities in overweight and obesity prevalence among Massachusetts Public School Districts, 2009--2014},
  author={Li, Wenjun and Buszkiewicz, James H and Leibowitz, Robert B and Gapinski, Mary Ann and Nasuti, Laura J and Land, Thomas G},
  journal={American journal of public health},
  volume={105},
  number={10},
  pages={e76--e82},
  year={2015},
  publisher={American Public Health Association}
}

@article{linchey2011peer,
  title={State Requirements and Recommendations for School-Based Screenings for Body Mass Index or Body Composition, 2010},
  author={Linchey, Jennifer and Madsen, Kristine A},
  journal={Preventing chronic disease},
  volume={8},
  number={5},
  year={2011},
  publisher={Centers for Disease Control and Prevention}
}

@techreport{anderson2017school,
  title={School Lunch Quality and Academic Performance},
  author={Anderson, Michael L and Gallagher, Justin and Ritchie, Elizabeth Ramirez},
  year={2017},
  institution={National Bureau of Economic Research}
}

@article{bauhoff2014effect,
  title={The effect of school district nutrition policies on dietary intake and overweight: a synthetic control approach},
  author={Bauhoff, Sebastian},
  journal={Economics \& Human Biology},
  volume={12},
  pages={45--55},
  year={2014},
  publisher={Elsevier}
}

@techreport{bradbury2013effect,
  title={The effect of foreclosure on Boston Public School student academic performance},
  author={Bradbury, Katharine and Burke, Mary A and Triest, Robert K},
  year={2013},
  institution={Working Papers, Federal Reserve Bank of Boston}
}

@article{campbell2011does,
  title={Does the National School Lunch Program improve childrenâ€™s dietary outcomes?},
  author={Campbell, Benjamin L and Nayga Jr, Rodolfo M and Park, John L and Silva, Andres},
  journal={American Journal of Agricultural Economics},
  volume={93},
  number={4},
  pages={1099--1130},
  year={2011},
  publisher={Oxford University Press}
}

@article{cutler2002have,
  title={Why have Americans become more obese},
  author={Cutler, David M and Glaeser, Edward L and Shapiro, Jesse M and Cutler, David and Glaeser, Edward},
  year={2002},
  publisher={Citeseer}
}

@article{eid2008fat,
  title={Fat city: Questioning the relationship between urban sprawl and obesity},
  author={Eid, Jean and Overman, Henry G and Puga, Diego and Turner, Matthew A},
  journal={Journal of Urban Economics},
  volume={63},
  number={2},
  pages={385--404},
  year={2008},
  publisher={Elsevier}
}

@article{ng2014global,
  title={Global, regional, and national prevalence of overweight and obesity in children and adults during 1980--2013: a systematic analysis for the Global Burden of Disease Study 2013},
  author={Ng, Marie and Fleming, Tom and Robinson, Margaret and Thomson, Blake and Graetz, Nicholas and Margono, Christopher and Mullany, Erin C and Biryukov, Stan and Abbafati, Cristiana and Abera, Semaw Ferede and others},
  journal={The lancet},
  volume={384},
  number={9945},
  pages={766--781},
  year={2014},
  publisher={Elsevier}
}

@article{ogden2016trends,
  title={Trends in obesity prevalence among children and adolescents in the United States, 1988-1994 through 2013-2014},
  author={Ogden, Cynthia L and Carroll, Margaret D and Lawman, Hannah G and Fryar, Cheryl D and Kruszon-Moran, Deanna and Kit, Brian K and Flegal, Katherine M},
  journal={Jama},
  volume={315},
  number={21},
  pages={2292--2299},
  year={2016},
  publisher={American Medical Association}
}

@article{schanzenbach2009school,
  title={Do school lunches contribute to childhood obesity?},
  author={Schanzenbach, Diane Whitmore},
  journal={Journal of Human Resources},
  volume={44},
  number={3},
  pages={684--709},
  year={2009},
  publisher={University of Wisconsin Press}
}

@article{sturm2002effects,
  title={The effects of obesity, smoking, and drinking on medical problems and costs},
  author={Sturm, Roland},
  journal={Health affairs},
  volume={21},
  number={2},
  pages={245--253},
  year={2002},
  publisher={Health Affairs}
}

@article{bronnenberg2012evolution,
  title={The evolution of brand preferences: Evidence from consumer migration},
  author={Bronnenberg, Bart J and Dub{\'e}, Jean-Pierre H and Gentzkow, Matthew},
  journal={American Economic Review},
  volume={102},
  number={6},
  pages={2472--2508},
  year={2012}
}

@article{finkelstein2016sources,
  title={Sources of geographic variation in health care: Evidence from patient migration},
  author={Finkelstein, Amy and Gentzkow, Matthew and Williams, Heidi},
  journal={The quarterly journal of economics},
  volume={131},
  number={4},
  pages={1681--1726},
  year={2016},
  publisher={MIT Press}
}

@article{christakis2007spread,
  title={The spread of obesity in a large social network over 32 years},
  author={Christakis, Nicholas A and Fowler, James H},
  journal={New England journal of medicine},
  volume={357},
  number={4},
  pages={370--379},
  year={2007},
  publisher={Mass Medical Soc}
}

@book{ogden2015prevalence,
  title={Prevalence of obesity among adults and youth: United States, 2011-2014},
  author={Ogden, Cynthia L and Carroll, Margaret D and Fryar, Cheryl D and Flegal, Katherine M},
  year={2015},
  publisher={US Department of Health and Human Services, Centers for Disease Control and Prevention, National Center for Health Statistics}
}

@techreport{nhlbi2013,
  title={Managing Overweight and Obesity in Adults: Systematic Evidence Review from the Obesity Expert Panel},
  author={NHLBI},
  year={2013},
  institution={National Heart, Lung, and Blood Institute}
}

@article{finkelstein2009annual,
  title={Annual medical spending attributable to obesity: payer-and service-specific estimates},
  author={Finkelstein, Eric A and Trogdon, Justin G and Cohen, Joel W and Dietz, William},
  journal={Health affairs},
  volume={28},
  number={5},
  pages={w822--w831},
  year={2009},
  publisher={Project HOPE-The People-to-People Health Foundation, Inc.}
}

@online{letsmove,
  author = {Let'sMove!},
  title = {America's Move to Raise A Healthier Generation of Kids},
  year = 2011,
  url = {https://web.archive.org/web/20110409235610/http://www.letsmove.gov/about},
  urldate = {2018-02-01}
}

@article{cawley2012medical,
  title={The medical care costs of obesity: an instrumental variables approach},
  author={Cawley, John and Meyerhoefer, Chad},
  journal={Journal of health economics},
  volume={31},
  number={1},
  pages={219--230},
  year={2012},
  publisher={Elsevier}
}

@article{anderson2003economic,
  title={Economic perspectives on childhood obesity},
  author={Anderson, Patricia M and Butcher, Kristin F and Levine, Phillip B and others},
  journal={Economic Perspectives-Federal Reserve Bank of Chicago},
  volume={27},
  number={3},
  pages={30--48},
  year={2003},
  publisher={THE FEDERAL RESERVE BANK OF CHICAGO}
}

@article{gundersen2012impact,
  title={The impact of the National School Lunch Program on child health: A nonparametric bounds analysis},
  author={Gundersen, Craig and Kreider, Brent and Pepper, John},
  journal={Journal of Econometrics},
  volume={166},
  number={1},
  pages={79--91},
  year={2012},
  publisher={Elsevier}
}

@article{bhattacharya2006breakfast,
  title={Breakfast of champions? The School Breakfast Program and the nutrition of children and families},
  author={Bhattacharya, Jayanta and Currie, Janet and Haider, Steven J},
  journal={Journal of Human Resources},
  volume={41},
  number={3},
  pages={445--466},
  year={2006},
  publisher={University of Wisconsin Press}
}

@article{iannotti2013trends,
  title={Trends in physical activity, sedentary behavior, diet, and BMI among US adolescents, 2001--2009},
  author={Iannotti, Ronald J and Wang, Jing},
  journal={Pediatrics},
  pages={peds--2013},
  year={2013},
  publisher={Am Acad Pediatrics}
}